<?xml version="1.0" encoding="UTF-8"?>
<marc:record xmlns:marc="http://www.loc.gov/MARC21/slim" xmlns:xsi="http://www.w3.org/2001/XMLSchema-instance"
             xsi:schemaLocation="http://www.loc.gov/MARC21/slim http://www.loc.gov/standards/marcxml/schema/MARC21slim.xsd">
    <marc:leader>00620nam a22 7a 4500</marc:leader>
    <marc:controlfield tag="001">1457259</marc:controlfield>
    <marc:controlfield tag="003">NL-AMISG</marc:controlfield>
    <marc:controlfield tag="005">20121115095047.0</marc:controlfield>
    <marc:controlfield tag="008">120508s2009 th eng d</marc:controlfield>
    <marc:datafield ind1=" " ind2=" " tag="040">
        <marc:subfield code="a">NL-AMISG</marc:subfield>
    </marc:datafield>
    <marc:datafield ind1="1" ind2="0" tag="245">
        <marc:subfield code="a">In solidarity :</marc:subfield>
        <marc:subfield code="b">proceedings of the Third Regional Human Rights Defenders Forum and the Asia Pacific
            Regional Consultation on Women Human Rights Defenders : 18-20 january 2009, Windsor Hotel, Bangkok, Thailand
            : organised by Forum-Asia and APWLD /
        </marc:subfield>
        <marc:subfield code="c">Emerlynne Gil ... [et al.]</marc:subfield>
    </marc:datafield>
    <marc:datafield ind1=" " ind2=" " tag="260">
        <marc:subfield code="a">Bangkok :</marc:subfield>
        <marc:subfield code="b">Forum-Asia [etc.],</marc:subfield>
        <marc:subfield code="c">2009.</marc:subfield>
    </marc:datafield>
    <marc:datafield ind1=" " ind2=" " tag="300">
        <marc:subfield code="a">119 p.</marc:subfield>
    </marc:datafield>
    <marc:datafield ind1="1" ind2=" " tag="700">
        <marc:subfield code="a">Gil, Emerlye</marc:subfield>
        <marc:subfield code="0">(NL-AMISG)2002348</marc:subfield>
    </marc:datafield>
    <marc:datafield ind1="2" ind2=" " tag="710">
        <marc:subfield code="a">Asian Forum for Human Rights and Development (Bangkok)</marc:subfield>
        <marc:subfield code="0">(NL-AMISG)16743</marc:subfield>
    </marc:datafield>
    <marc:datafield ind1="2" ind2=" " tag="710">
        <marc:subfield code="a">Asia Pacific Forum on Women, Law and Development (Chiangmai)</marc:subfield>
        <marc:subfield code="0">(NL-AMISG)2003161</marc:subfield>
    </marc:datafield>
    <marc:datafield ind1="2" ind2=" " tag="711">
        <marc:subfield code="0">(NL-AMISG)2003159</marc:subfield>
        <marc:subfield code="a">Regional Human Rights Defenders Forum.</marc:subfield>
        <marc:subfield code="c">Bangkok)</marc:subfield>
        <marc:subfield code="d">2009 :</marc:subfield>
        <marc:subfield code="e">f</marc:subfield>
        <marc:subfield code="g">k</marc:subfield>
        <marc:subfield code="l">n</marc:subfield>
        <marc:subfield code="(3 :">p</marc:subfield>
        <marc:subfield code="q">s</marc:subfield>
        <marc:subfield code="t">v</marc:subfield>
        <marc:subfield code="x">y</marc:subfield>
        <marc:subfield code="z"/>
    </marc:datafield>
    <marc:datafield ind1="2" ind2=" " tag="711">
        <marc:subfield code="0">(NL-AMISG)2003160</marc:subfield>
        <marc:subfield code="a">Asia Pacific Regional Consultation on Women Human Rights Defenders.</marc:subfield>
        <marc:subfield code="c">Bangkok)</marc:subfield>
        <marc:subfield code="d">(2009 :</marc:subfield>
        <marc:subfield code="e">f</marc:subfield>
        <marc:subfield code="g">k</marc:subfield>
        <marc:subfield code="l">n</marc:subfield>
        <marc:subfield code="p">q</marc:subfield>
        <marc:subfield code="s">t</marc:subfield>
        <marc:subfield code="v">x</marc:subfield>
        <marc:subfield code="y">z</marc:subfield>
    </marc:datafield>
    <marc:datafield ind1="4" ind2=" " tag="852">
        <marc:subfield code="a">IISG</marc:subfield>
        <marc:subfield code="b">IISG</marc:subfield>
        <marc:subfield code="c">IISG</marc:subfield>
        <marc:subfield code="j">Beo 3180/10 fol</marc:subfield>
        <marc:subfield code="n">Available</marc:subfield>
        <marc:subfield code="p">754o575075</marc:subfield>
    </marc:datafield>
    <marc:datafield ind1=" " ind2=" " tag="901">
        <marc:subfield code="a">1457259</marc:subfield>
        <marc:subfield code="b"/>
        <marc:subfield code="c">1457259</marc:subfield>
        <marc:subfield code="t">biblio</marc:subfield>
    </marc:datafield>
    <marc:datafield ind1=" " ind2=" " tag="902">
        <marc:subfield code="a">10622/7013D518-2F87-431D-92F7-70C69452F229</marc:subfield>
    </marc:datafield>
</marc:record>